<collection xmlns="http://www.loc.gov/MARC21/slim">
<record>
  <leader>01275nam0a22002651i 450 </leader>
  <controlfield tag="001">IT\ICCU\CNCE\057191</controlfield>
  <controlfield tag="005">20060320000000.0</controlfield>
  <datafield tag="100" ind1=" " ind2=" ">
    <subfield code="a">20040406d1575        0itac0103    ba</subfield>
  </datafield>
  <datafield tag="101" ind1=" " ind2=" ">
    <subfield code="a">ITA</subfield>
  </datafield>
  <datafield tag="102" ind1=" " ind2=" ">
    <subfield code="a">IT</subfield>
  </datafield>
  <datafield tag="200" ind1="1" ind2=" ">
    <subfield code="a">℗Il ℗primo de&apos; Dialoghi del licenziato Pietro di Luscian da Siviglia nel quale si tratta di molte cose appartenenti allo stato matrimoniale, tradotto dal castigliano in toscano da Argistro Giuffredo</subfield>
  </datafield>
  <datafield tag="210" ind1=" " ind2=" ">
    <subfield code="a">Palermo</subfield>
    <subfield code="c">presso Gio. Matteo Maida</subfield>
    <subfield code="d">1575</subfield>
  </datafield>
  <datafield tag="215" ind1=" " ind2=" ">
    <subfield code="a">8ʻ</subfield>
  </datafield>
  <datafield tag="620" ind1=" " ind2=" ">
    <subfield code="a">IT</subfield>
    <subfield code="d">Palermo</subfield>
  </datafield>
  <datafield tag="700" ind1=" " ind2="1">
    <subfield code="a">Lujǹ,</subfield>
    <subfield code="b">Pedro : de</subfield>
    <subfield code="3">IT\ICCU\CNCA\017454</subfield>
  </datafield>
  <datafield tag="702" ind1=" " ind2="1">
    <subfield code="a">Giuffredi,</subfield>
    <subfield code="b">Argistro</subfield>
    <subfield code="3">IT\ICCU\CNCA\017453</subfield>
  </datafield>
  <datafield tag="712" ind1="0" ind2="0">
    <subfield code="a">Mayda, Giovanni Matteo</subfield>
    <subfield code="3">IT\ICCU\CNCT\000016</subfield>
    <subfield code="4">650</subfield>
  </datafield>
  <datafield tag="790" ind1=" " ind2="1">
    <subfield code="a">Luxan,</subfield>
    <subfield code="b">Pedro</subfield>
    <subfield code="3">IT\ICCU\CNCA\017455</subfield>
    <subfield code="z">Lujǹ, Pedro : de</subfield>
  </datafield>
  <datafield tag="790" ind1=" " ind2="1">
    <subfield code="a">Luscian,</subfield>
    <subfield code="b">Pietro : di</subfield>
    <subfield code="3">IT\ICCU\CNCA\020854</subfield>
    <subfield code="z">Lujǹ, Pedro : de</subfield>
  </datafield>
  <datafield tag="790" ind1=" " ind2="1">
    <subfield code="a">Giuffredo,</subfield>
    <subfield code="b">Argistro</subfield>
    <subfield code="3">IT\ICCU\CNCA\020232</subfield>
    <subfield code="z">Giuffredi, Argistro</subfield>
  </datafield>
  <datafield tag="790" ind1=" " ind2="1">
    <subfield code="a">Giuffr,̈</subfield>
    <subfield code="b">Argistro</subfield>
    <subfield code="3">IT\ICCU\CNCA\020233</subfield>
    <subfield code="z">Giuffredi, Argistro</subfield>
  </datafield>
  <datafield tag="791" ind1="0" ind2="0">
    <subfield code="a">Maida, Giovanni Matteo</subfield>
    <subfield code="3">IT\ICCU\CNCT\003506</subfield>
    <subfield code="z">Mayda, Giovanni Matteo</subfield>
  </datafield>
  <datafield tag="791" ind1="0" ind2="0">
    <subfield code="a">Maida, Ioannes Matthaeus</subfield>
    <subfield code="3">IT\ICCU\CNCT\005110</subfield>
    <subfield code="z">Mayda, Giovanni Matteo</subfield>
  </datafield>
  <datafield tag="791" ind1="0" ind2="0">
    <subfield code="a">Mayda, Ioannes Mattheus de</subfield>
    <subfield code="3">IT\ICCU\CNCT\005112</subfield>
    <subfield code="z">Mayda, Giovanni Matteo</subfield>
  </datafield>
  <datafield tag="801" ind1=" " ind2="3">
    <subfield code="a">IT</subfield>
    <subfield code="b">ICCU</subfield>
    <subfield code="c">20201115</subfield>
  </datafield>
</record>
</collection>
